<?xml version="1.0" encoding="UTF-8"?><collection xmlns="http://www.loc.gov/MARC21/slim"><record><leader>00329nam--2200133-i-4500</leader><controlfield tag="001">000022030</controlfield><controlfield tag="002">20161230</controlfield><controlfield tag="005">20161230201034</controlfield><controlfield tag="008">060222s1000------------r-----000-0-eng-d</controlfield><datafield ind1=" " ind2=" " tag="100"><subfield code="a">Jansen, Alfons</subfield></datafield><datafield ind1=" " ind2=" " tag="245"><subfield code="a">Die mikrowellenschalter als mehrpole</subfield></datafield><datafield ind1=" " ind2=" " tag="260"><subfield code="a">Koln, Westdeutscher Verlag, 1960, 50p</subfield></datafield><datafield ind1=" " ind2=" " tag="490"><subfield code="a">915</subfield></datafield><datafield ind1=" " ind2=" " tag="852"><subfield code="a">16750</subfield></datafield></record></collection>